<?xml version="1.0" encoding="UTF-8"?><record xmlns="http://www.loc.gov/MARC21/slim" xmlns:cinclude="http://apache.org/cocoon/include/1.0" xmlns:zs="http://www.loc.gov/zing/srw/">
  <leader>00799nz  a2200169n  4500</leader>
  <controlfield tag="001">no2007082569</controlfield>
  <controlfield tag="003">DLC</controlfield>
  <controlfield tag="005">20070725075234.0</controlfield>
  <controlfield tag="008">070723n| acannaabn          |a aaa     c</controlfield>
  <datafield tag="010" ind1=" " ind2=" ">
    <subfield code="a">no2007082569</subfield>
  </datafield>
  <datafield tag="035" ind1=" " ind2=" ">
    <subfield code="a">(OCoLC)oca07471662</subfield>
  </datafield>
  <datafield tag="040" ind1=" " ind2=" ">
    <subfield code="a">CtY-Mus</subfield>
    <subfield code="b">eng</subfield>
    <subfield code="c">CtY-Mus</subfield>
  </datafield>
  <datafield tag="100" ind1="1" ind2=" ">
    <subfield code="a">Quantz, Johann Joachim,</subfield>
    <subfield code="d">1697-1773.</subfield>
    <subfield code="t">Trio sonatas,</subfield>
    <subfield code="m">flutes, continuo,</subfield>
    <subfield code="n">QV 2:12,</subfield>
    <subfield code="r">D major</subfield>
  </datafield>
  <datafield tag="400" ind1="1" ind2=" ">
    <subfield code="a">Quantz, Johann Joachim,</subfield>
    <subfield code="d">1697-1773.</subfield>
    <subfield code="t">Trio sonatas,</subfield>
    <subfield code="m">flute, violin, continuo,</subfield>
    <subfield code="n">QV 2:12,</subfield>
    <subfield code="r">D major</subfield>
  </datafield>
  <datafield tag="400" ind1="1" ind2=" ">
    <subfield code="a">Quantz, Johann Joachim,</subfield>
    <subfield code="d">1697-1773.</subfield>
    <subfield code="t">Trio sonatas,</subfield>
    <subfield code="n">no. 10,</subfield>
    <subfield code="r">D major</subfield>
  </datafield>
  <datafield tag="670" ind1=" " ind2=" ">
    <subfield code="a">Quantz, J.J. 10. Triosonate in D-Dur für zwei Flöten (Flöte und Violine) und Bass continuo, QV 2:12, 2006.</subfield>
  </datafield>
  <datafield tag="670" ind1=" " ind2=" ">
    <subfield code="a">Augsbach, H. Johann Joachim Quantz, c1997</subfield>
    <subfield code="b">(QV 2:12. Sonate für 2 Flöten und Generalbass, D-Dur)</subfield>
  </datafield>
</record>